@article{wright2009robust,
  title={Robust face recognition via sparse representation},
  author={Wright, John and Yang, Allen Y and Ganesh, Arvind and Sastry, S Shankar and Ma, Yi},
  journal={IEEE transactions on pattern analysis and machine intelligence},
  volume={31},
  number={2},
  pages={210--227},
  year={2009},
  publisher={IEEE}
}
@inproceedings{turk1991face,
  title={Face recognition using eigenfaces},
  author={Turk, Matthew A and Pentland, Alex P},
  booktitle={Computer Vision and Pattern Recognition, 1991. Proceedings CVPR'91., IEEE Computer Society Conference on},
  pages={586--591},
  year={1991},
  organization={IEEE}
}
@algotirhm{Tusiji2014face,
  title =	 {Face Recognition Method: Eigenface},
  author =	 {Tusiji},
  year =	 2014,
  month =	 mar,
  note =	 {\url{http://blog.csdn.net/smartempire/article/details/21406005}}
}